<?xml version="1.0" encoding="UTF-8"?><record xmlns="http://www.loc.gov/MARC21/slim" xmlns:cinclude="http://apache.org/cocoon/include/1.0" xmlns:zs="http://www.loc.gov/zing/srw/">
  <leader>00495nz  a2200133n  4500</leader>
  <controlfield tag="001">no 94033196 </controlfield>
  <controlfield tag="003">DLC</controlfield>
  <controlfield tag="005">19940924061924.9</controlfield>
  <controlfield tag="008">940923n| acannaab|          |a ana     c</controlfield>
  <datafield tag="010" ind1=" " ind2=" ">
    <subfield code="a">no 94033196 </subfield>
  </datafield>
  <datafield tag="040" ind1=" " ind2=" ">
    <subfield code="a">DJBF</subfield>
    <subfield code="c">DJBF</subfield>
  </datafield>
  <datafield tag="110" ind1="2" ind2="0">
    <subfield code="a">Joint Turkish/American Agricultural Mission</subfield>
  </datafield>
  <datafield tag="410" ind1="2" ind2="0">
    <subfield code="a">Türk-Amerikan Müşterek Tarım Komisyonu</subfield>
  </datafield>
  <datafield tag="670" ind1=" " ind2=" ">
    <subfield code="a">Haşhaş ekim bölgelerinde tarimsal ... 1971:</subfield>
    <subfield code="b">t.p. (Türk-Amerikan Müşterek Tarım Komisyonu...; Joint Turkish/American Agricultural Mission)</subfield>
  </datafield>
</record>